<record xmlns="http://www.loc.gov/MARC21/slim" xmlns:xsi="http://www.w3.org/2001/XMLSchema-instance" xsi:schemaLocation="http://www.loc.gov/MARC21/slim http://www.loc.gov/standards/marcxml/schema/MARC21slim.xsd"><leader>00841cz   2200181n  4500</leader><controlfield tag="001">oca01325205 </controlfield><controlfield tag="005">20020320033233.0</controlfield><controlfield tag="008">850422n| acannaab|          |a aaa      </controlfield><datafield ind1=" " ind2=" " tag="010"><subfield code="a">n  85017329 </subfield></datafield><datafield ind1=" " ind2=" " tag="040"><subfield code="a">DLC</subfield><subfield code="c">DLC</subfield><subfield code="d">DLC</subfield><subfield code="d">Uk</subfield><subfield code="d">MH-FA</subfield></datafield><datafield ind1="1" ind2=" " tag="100"><subfield code="a">Agrippa, Marcus Vipsanius</subfield></datafield><datafield ind1="1" ind2=" " tag="400"><subfield code="a">Agrippa</subfield></datafield><datafield ind1="1" ind2=" " tag="400"><subfield code="a">Agrippa, Marcus</subfield></datafield><datafield ind1="1" ind2=" " tag="400"><subfield code="a">Vipsanius Agrippa, Marcus</subfield></datafield><datafield ind1=" " ind2=" " tag="670"><subfield code="a">Roddaz, J.-M. Marcus Agrippa, 1984:</subfield><subfield code="b">t.p. (Marcus Agrippa) p. 11 (Marcus Vipsanius Agrippa) p. 635 (b. Nov. 64 B.C.? or March 63 B.C.?)p. 638 (d. 23 March 12 B.C.)</subfield></datafield><datafield ind1=" " ind2=" " tag="670"><subfield code="a">LC data base, 3-11-85</subfield><subfield code="b">(hdg.: Agrippa, Marcus Vipsanius; usage: Agrippa)</subfield></datafield><datafield ind1=" " ind2=" " tag="670"><subfield code="a">Encycl. Brit.</subfield><subfield code="b">(Agrippa, Marcus Vipsanius; influential deputy of 1st Roman emperor Augustus, prob. b. early 63 B.C., d. Mar. 12 B.C.)</subfield></datafield><datafield ind1=" " ind2=" " tag="670"><subfield code="a">Oxford classical dictionary, 1996</subfield><subfield code="b">(Vipsanius Agrippa, Marcus)</subfield></datafield></record>